<record><leader>00000cas a22000007a 4500</leader><controlfield tag="001">18976433</controlfield><controlfield tag="008">890106d19291947mouwr ne      0    0eng d</controlfield><datafield ind1=" " ind2=" " tag="010"><subfield code="a">sn 88068051 </subfield></datafield><datafield ind1=" " ind2=" " tag="040"><subfield code="a">MQN</subfield><subfield code="b">eng</subfield><subfield code="c">MQN</subfield><subfield code="d">OCLCQ</subfield></datafield><datafield ind1=" " ind2=" " tag="042"><subfield code="a">msc</subfield></datafield><datafield ind1="0" ind2="4" tag="245"><subfield code="a">The Marceline news.</subfield></datafield><datafield ind1=" " ind2=" " tag="260"><subfield code="a">Marceline, Mo. :</subfield><subfield code="b">Marceline Pub. Co.,</subfield><subfield code="c">1929-1947.</subfield></datafield><datafield ind1=" " ind2=" " tag="300"><subfield code="a">v.</subfield></datafield><datafield ind1=" " ind2=" " tag="310"><subfield code="a">Weekly</subfield></datafield><datafield ind1="0" ind2=" " tag="362"><subfield code="a">Vol. 42, no. 35 (June 7, 1929)-v. 60, no. 26 (Mar. 14, 1947).</subfield></datafield><datafield ind1=" " ind2=" " tag="500"><subfield code="a">Coverage includes Linn, Chariton, and Macon counties.</subfield></datafield><datafield ind1=" " ind2=" " tag="515"><subfield code="a">Continues numbering of: Marceline journal-mirror?</subfield></datafield><datafield ind1=" " ind2=" " tag="752"><subfield code="a">United States</subfield><subfield code="b">Missouri</subfield><subfield code="c">Linn</subfield><subfield code="d">Marceline.</subfield></datafield><datafield ind1=" " ind2=" " tag="752"><subfield code="a">United States</subfield><subfield code="b">Missouri</subfield><subfield code="c">Chariton.</subfield></datafield><datafield ind1=" " ind2=" " tag="752"><subfield code="a">United States</subfield><subfield code="b">Missouri</subfield><subfield code="c">Macon.</subfield></datafield><datafield ind1="0" ind2="4" tag="780"><subfield code="t">Marceline journal-mirror</subfield><subfield code="w">(DLC)sn 92058862</subfield></datafield><datafield ind1="0" ind2="4" tag="780"><subfield code="t">Marceline herald</subfield><subfield code="w">(DLC)sn 88068050</subfield></datafield><datafield ind1="0" ind2="7" tag="785"><subfield code="t">Bucklin herald (Bucklin, Mo.)</subfield><subfield code="w">(DLC)sn 88068053</subfield></datafield><datafield ind1="0" ind2="7" tag="785"><subfield code="t">Marceline news and the Bucklin herald</subfield><subfield code="w">(DLC)sn 88068067</subfield></datafield></record>